@online
{
    Hel17,
    author        = {Hels{\o}, Martin},
    title         = "{Rational Quartic Symmetroids}",
    journal       = {ArXiv e-prints},
    archivePrefix = "arXiv",
    eprint        = {1708.04101},
    keywords      = {Mathematics - Algebraic Geometry, 14M12, 14J26},
    year          = 2017,
    month         = aug,
    adsurl        = {http://adsabs.harvard.edu/abs/2017arXiv170804101H},
    adsnote       = {Provided by the SAO/NASA Astrophysics Data System}
}